@misc{or-brake,
  title = {{OR Airbrake Plugin}},
  howpublished = {{\url{{https://github.com/waterloo-rocketry/or-airbrake-plugin}}}},
  note = {{}}
}

@misc{jupiter-canards,
  title = {{Project Jupiter Control Canards}},
  howpublished = {{\url{{https://github.com/Projeto-Jupiter/CC}}}},
  note = {{}}
}

@misc{or-manual, 
  title = {{OpenRocket technical documentation v13.05}},
  howpublished ={{\url{{https://openrocket.sourceforge.net/techdoc.pdf}}}},
  note = {{}}
}