@misc{repository,
    url = {https://github.com/waterloo-rocketry/simulink-canards},
    title = {Roll Control Simulation and Design repository},
    author = {Finn Breuer and Joe Dolina and Tristan Yan-Klassen},
    year = {2025},
    publisher = {Waterloo Rocketry}
}

@misc{launch-canada,
    author = {{Launch Canada}},
    url = {https://www.launchcanada.org/lc-competition-2025},
    year = {2025}
}

@misc{waterloo-rocketry,
    author = {{Waterloo Rocketry}},
    url = {https://www.waterloorocketry.com},
    year = {2025}
}

@book{team-controls-ben,
    author = {Ben Pickens},
    title = {Canards mechanical design},
    publisher = {Waterloo Rocketry, Controls},
    year = {2025}
}

@book{team-controls-christine,
    author = {Christine Li},
    title = {Controls firmware},
    publisher = {Waterloo Rocketry, Controls},
    year = {2025}
}

@book{team-flight-luca,
    author = {Luca Scavone},
    title = {Canard aerodynamics},
    publisher = {Waterloo Rocketry, Flight dynamics},
    year = {2025}
}
